<?xml version="1.0" encoding="UTF-8"?><collection xmlns="http://www.loc.gov/MARC21/slim"><record><leader>00399nam--2200133-i-4500</leader><controlfield tag="001">000041671</controlfield><controlfield tag="002">20161230</controlfield><controlfield tag="005">20161230201043</controlfield><controlfield tag="008">060222s1000------------r-----000-0-eng-d</controlfield><datafield ind1=" " ind2=" " tag="080"><subfield code="a">541.64(083):539.143.43(083)</subfield></datafield><datafield ind1=" " ind2=" " tag="100"><subfield code="a">Simons,W.W. And Zanger,M</subfield></datafield><datafield ind1=" " ind2=" " tag="245"><subfield code="a">The sadtler guide to the nmr spectra of polymers</subfield></datafield><datafield ind1=" " ind2=" " tag="260"><subfield code="a">Philadelphia, Sadtler Research Laboratories,Inc., 1973. 298 P</subfield></datafield><datafield ind1=" " ind2=" " tag="852"><subfield code="a">42743</subfield></datafield></record></collection>